@conference{chandra2005predicting,
  title={{Predicting inter-thread cache contention on a chip multi-processor architecture}},
  author={Chandra, D. and Guo, F. and Kim, S. and Solihin, Y.},
  booktitle={Proceedings of the 11th International Symposium on High-Performance Computer Architecture},
  pages={340--351},
  year={2005},
  organization={Citeseer}
}
@article{rose2006mobile,
  title={{Mobile phones as traffic probes: practices, prospects and issues}},
  author={Rose, G.},
  journal={Transport Reviews},
  volume={26},
  number={3},
  pages={275--291},
  year={2006},
  publisher={Taylor \& Francis Ltd, 11 New Fetter Lane, London, EC 4 P 4 EE, UK,}
}
