@article{frigger2,
  AUTHOR = {Friggeri, Adrien and Cointet, Jean-Philippe and Latapy, Matthieu, Matthieu},
  TITLE = {{A Real-World Spreading Experiment in the Blogosphere}},
  JOURNAL = {{Complex Systems}},
  PUBLISHER = {Complex Systems Publications, Inc.},
  VOLUME = {19},
  NUMBER = {3},
  YEAR = {2011},
  URL = {http://hal.inria.fr/inria-00597448}
}

@inproceedings{friggeri3,
  AUTHOR = {Friggeri, Adrien and Chelius, Guillaume},
  TITLE = {{Biais dans les mesures obtenues par un r{\'e}seau de capteurs sans fil}},
  BOOKTITLE = {{12{\`e}mes Rencontres Francophones sur les Aspects Algorithmiques de T{\'e}l{\'e}communications (AlgoTel)}},
  YEAR = {2010},
  EDITOR = {Maria Gradinariu Potop-Butucaru and Herv{\'e} Rivano},
  KEYWORDS = {france, conference},
  ADDRESS = {Belle Dune, France},
  MONTH = {6},
  URL = {http://hal.inria.fr/inria-00475921}
}


@inproceedings{friggeri4,
  AUTHOR = {Friggeri, Adrien and Chelius, Guillaume and Fleury, Eric},
  TITLE = {{Communaut{\'e}s : Arr{\^e}tons de ne compter que les ar{\^e}tes}},
  BOOKTITLE = {{13es Rencontres Francophones sur les Aspects Algorithmiques de T{\'e}l{\'e}communications (AlgoTel)}},
  YEAR = {2011},
  EDITOR = {Ducourthial, Bertrand and Felber, Pascal},
  MONTH = {6},
  KEYWORDS = {france, conference},
  ADDRESS = {Cap Est{\'e}rel, France},
  URL = {http://hal.inria.fr/inria-00587942}
}


@inproceedings{friggeri5,
  AUTHOR = {Friggeri, Adrien and Chelius, Guillaume and Fleury, Eric},
  TITLE = {{Fellows: Crowd-sourcing the evaluation of an overlapping community model based on the cohesion measure}},
  BOOKTITLE = {{Interdisciplinary Workshop on Information and Decision in Social Networks}},
  YEAR = {2011},
  MONTH = {5},
  NOTE = {31 accept{\'e}/140 soumis +250 participants},
  ADDRESS = {Cambridge, {\'E}tats-Unis},
  URL = {http://hal.inria.fr/inria-00597446},
  KEYWORDS = {workshop}
}

@inproceedings{friggeri6,
  AUTHOR = {Friggeri, Adrien and Chelius, Guillaume and Fleury, Eric},
  TITLE = {{Egomunities, Exploring Socially Cohesive Person-based Communities}},
  BOOKTITLE = {{NetSci 2011 The International School and Conference on Network Science}},
  YEAR = {2011},
  MONTH = {6},
  ADDRESS = {Budapest, Hongrie},
  URL = {http://hal.inria.fr/inria-00597447},
  KEYWORDS = {conference}
}

@techreport{friggeri7,
  AUTHOR = {Friggeri, Adrien and Fleury, Eric},
  TITLE = {{Maximizing the Cohesion is NP-hard}},
  TYPE = {Rapport de recherche},
  YEAR = {2011},
  MONTH = {9},
  INSTITUTION = {INRIA},
  NUMBER = {RR-7734},
  URL = {http://hal.inria.fr/inria-00621065}
}
