@misc{chollet2015keras,
  title={Keras},
  author={Chollet, Fran\c{c}ois and others},
  year={2015},
  publisher={GitHub},
  howpublished={\url{https://github.com/fchollet/keras}},
}

@inproceedings{defects2j,
 author = {Just, Ren{\'e} and Jalali, Darioush and Ernst, Michael D.},
 title = {Defects4J: A Database of Existing Faults to Enable Controlled Testing Studies for Java Programs},
 booktitle = {Proceedings of the 2014 International Symposium on Software Testing and Analysis},
 series = {ISSTA 2014},
 year = {2014},
 isbn = {978-1-4503-2645-2},
 location = {San Jose, CA, USA},
 pages = {437--440},
 numpages = {4},
 url = {http://doi.acm.org/10.1145/2610384.2628055},
 doi = {10.1145/2610384.2628055},
 acmid = {2628055},
 publisher = {ACM},
 address = {New York, NY, USA},
 keywords = {Bug database, real bugs, testing framework},
} 