@BOOK {TR99,
	author		= "The Author",
	title		= "{The Reference}",
	publisher	= "Springer",
	year		= "1999",
	edition		= "1. Auflage"
}